1346 2229
189 393 790 455 Taxifahrer schweigend das Geld.
187 830 858 889 men die Gegenstände ihren Verfall.«
189 180 1217 241 genommen, das er aber einige Häuser vor dem, in dem er
189 237 1215 295 wohnte, anhalten ließ, denn er wollte unbemerkt zurück-
185 286 1215 352 kehren. Nirgends hatte sich etwas verändert. Die Bäume,
187 343 1217 403 die es noch gab, verloren schon ihr Laub. P. gab dem
232 455 1215 512 Im Flur seiner Wohnung stank es. In der Küche stan-
187 505 1215 566 den noch Abfalltüten. Bevor er ablegte, holte P. das Ra-
187 570 1217 620 dio in die Küche. Dann saß er einfach nur Stunden da und
187 625 1217 676 dachte nichts. Später begann er mit dem Aufräumen und
187 670 1219 729 der Reinigung der Wohnung. Mengen von Staub überall.
187 720 1217 783 Er notiert: »Die Zeit macht den Staub. Die Zeit staubt
189 776 1214 837 ein. Unterm Staub schläft die Zeit. Unterm Staub träu-
232 886 1214 943 P. bewohnte damals noch beide Zimmer seiner Woh-
189 938 1217 1001 nung. In dem mit dem Fenster zur Ausfallstraße hatte er
187 991 1214 1053 den großen Tisch stehen, die Kommode und das Bett. Im
189 1043 1217 1107 anderen das Sofa, einen etwas kleineren Tisch und einen
189 1097 1217 1159 Schrank. Dieses Zimmer mit dem Fenster zum Garten
193 1155 1215 1218 war so etwas wie sein Wohnzimmer, das andere sein
189 1199 455 1259 Schlafzimmer.
230 1257 1208 1328 Als P. mit der Säuberung fertig war, ging er die Trep-
189 1315 1215 1372 pen hinunter, um den Briefkasten zu entleeren. Irgend-
193 1370 1212 1435 welche Post mußte er erhalten haben, er war lange genug
195 1422 1215 1487 Weg gewesen. Bei seinem Treppenab- und aufstieg war er
189 1471 1215 1536 trotz der ungleichmäßigen Schritte so leise wie möglich.
189 1525 1217 1591 Besonders auf der Höhe des 1. Stocks, also ein Stockwerk
189 1582 1212 1642 unter seiner Dachwohnung, denn dort wohnte die Haus-
189 1630 1214 1694 besitzerin mit ihrer Tochter. Keiner von beiden wollte er
189 1682 1214 1751 begegnen. Sie hätten Fragen gestellt. P. war durch sein
187 1740 1214 1801 langes Fortsein noch scheuer geworden. Auch hatte er
187 1788 1215 1855 Furcht vor Blicken auf seinen leeren linken Jackettärmel
187 1831 704 1904 und sein schleppendes Bein.
189 1924 247 1978 26
